@article{Banks:2014hra,
      author         = "Banks, T. I. and others",
      title          = "{A compact ultra-clean system for deploying radioactive
                        sources inside the KamLAND detector}",
      journal        = "Nucl. Instrum. Meth.",
      volume         = "A769",
      year           = "2015",
      pages          = "88-96",
      doi            = "10.1016/j.nima.2014.09.068",
      eprint         = "1407.0413",
      archivePrefix  = "arXiv",
      primaryClass   = "physics.ins-det",
      SLACcitation   = "%%CITATION = ARXIV:1407.0413;%%"
}



@article{Huang:2013uxa,
      author         = "Huang, H. X. and others",
      title          = "{Manual Calibration System for Daya Bay Reactor Neutrino
                        Experiment}",
      journal        = "JINST",
      volume         = "8",
      year           = "2013",
      pages          = "P09013",
      doi            = "10.1088/1748-0221/8/09/P09013",
      eprint         = "1305.2343",
      archivePrefix  = "arXiv",
      primaryClass   = "physics.ins-det",
      SLACcitation   = "%%CITATION = ARXIV:1305.2343;%%"
}

@article{Agnes:2015qyz,
      author         = "Agnes, P. and others",
      title          = "{The veto system of the DarkSide-50 experiment}",
      collaboration  = "DarkSide",
      journal        = "JINST",
      volume         = "11",
      year           = "2016",
      number         = "03",
      pages          = "P03016",
      doi            = "10.1088/1748-0221/11/03/P03016",
      eprint         = "1512.07896",
      archivePrefix  = "arXiv",
      primaryClass   = "physics.ins-det",
      reportNumber   = "FERMILAB-PUB-15-585-AE-E",
      SLACcitation   = "%%CITATION = ARXIV:1512.07896;%%"
}

@article{thesis:Edkins,
      author         = "Edkins, E",
     title = "[thesis title]",
      note          = "PhD thesis, to be published",
      year           = "2017"
}

@article{thesis:Hackett,
      author         = "Hackett, B",
     title = "[thesis title]",
      note          = "PhD thesis, to be published",
      year           = "2017"
}